[gd_scene load_steps=10 format=2]

[ext_resource path="res://blokoj/rajtigo/tero.png" type="Texture" id=1]
[ext_resource path="res://kerno/menuo/resursoj/fonts/button_style.tres" type="StyleBox" id=3]
[ext_resource path="res://kerno/menuo/resursoj/fonts/Buttons_hover.tres" type="StyleBox" id=4]
[ext_resource path="res://resursoj/stelamapo_8k.jpg" type="Texture" id=6]
[ext_resource path="res://blokoj/rajtigo/rajtigo.gd" type="Script" id=7]
[ext_resource path="res://blokoj/rajtigo/Start_page_menuo.tscn" type="PackedScene" id=8]
[ext_resource path="res://blokoj/rajtigo/skriptoj/ru.gd" type="Script" id=10]
[ext_resource path="res://blokoj/rajtigo/skriptoj/en.gd" type="Script" id=11]
[ext_resource path="res://blokoj/rajtigo/skriptoj/eo.gd" type="Script" id=12]

[node name="auth_menu" type="Control"]
anchor_right = 1.0
anchor_bottom = 1.0
margin_left = 1.0
margin_right = -1599.0
margin_bottom = -1024.0
mouse_filter = 2
size_flags_horizontal = 4
size_flags_vertical = 4
script = ExtResource( 7 )
__meta__ = {
"_edit_use_anchors_": false
}

[node name="ParallaxBackground" type="ParallaxBackground" parent="."]

[node name="TextureRect" type="TextureRect" parent="ParallaxBackground"]
anchor_right = 1.0
anchor_bottom = 1.0
margin_top = -100.0
margin_right = 0.00012207
margin_bottom = 120.0
texture = ExtResource( 6 )
expand = true
__meta__ = {
"_edit_lock_": true,
"_edit_use_anchors_": false
}

[node name="ParallaxBackground2" type="ParallaxBackground" parent="."]
layer = -98

[node name="TextureRect" type="TextureRect" parent="ParallaxBackground2"]
anchor_left = 0.5
anchor_top = 0.5
anchor_right = 0.5
anchor_bottom = 0.5
margin_left = -512.0
margin_top = -384.0
margin_right = 512.0
margin_bottom = 384.0
texture = ExtResource( 1 )
__meta__ = {
"_edit_lock_": true,
"_edit_use_anchors_": false
}

[node name="Start_page_menuo" parent="." instance=ExtResource( 8 )]
margin_right = -1600.0
margin_bottom = -1024.0

[node name="ru" type="Button" parent="."]
anchor_left = 0.971
anchor_top = 0.0390625
anchor_right = 1.0
anchor_bottom = 0.0623438
margin_left = 1550.39
margin_top = 73.1086
margin_right = 1577.39
margin_bottom = 96.1086
custom_styles/hover = ExtResource( 4 )
custom_styles/focus = ExtResource( 3 )
text = "ru"
flat = true
script = ExtResource( 10 )
__meta__ = {
"_edit_use_anchors_": false
}

[node name="eo" type="Button" parent="."]
anchor_left = 0.971
anchor_right = 0.971
anchor_bottom = 0.0390625
margin_left = 1500.39
margin_top = 73.1086
margin_right = 1529.39
margin_bottom = 96.1086
custom_styles/hover = ExtResource( 4 )
custom_styles/focus = ExtResource( 3 )
text = "eo"
flat = true
script = ExtResource( 12 )
__meta__ = {
"_edit_use_anchors_": false
}

[node name="en" type="Button" parent="."]
anchor_left = 0.971
anchor_top = 0.0390625
anchor_right = 1.0
anchor_bottom = 0.0623438
margin_left = 1450.39
margin_top = 73.1086
margin_right = 1479.39
margin_bottom = 96.1086
custom_styles/hover = ExtResource( 4 )
custom_styles/focus = ExtResource( 3 )
text = "en"
flat = true
script = ExtResource( 11 )
__meta__ = {
"_edit_use_anchors_": false
}
